<?xml version="1.0" encoding="UTF-8"?><collection xmlns="http://www.loc.gov/MARC21/slim"><record><leader>00395nam--2200133-i-4500</leader><controlfield tag="001">000032146</controlfield><controlfield tag="002">20161230</controlfield><controlfield tag="005">20161230201039</controlfield><controlfield tag="008">060222s1000------------r-----000-0-eng-d</controlfield><datafield ind1=" " ind2=" " tag="080"><subfield code="a">541.128</subfield></datafield><datafield ind1=" " ind2=" " tag="245"><subfield code="a">Metal-support interactions in catalysis. sintering, and radispersion</subfield></datafield><datafield ind1=" " ind2=" " tag="260"><subfield code="a">New York, Van Nostrand Reinhold Company, 1987. Xii + 315p</subfield></datafield><datafield ind1=" " ind2=" " tag="700"><subfield code="a">Scott, A Stevenson /S.A.</subfield></datafield><datafield ind1=" " ind2=" " tag="852"><subfield code="a">79223</subfield></datafield></record></collection>